%
% JOURNAL ABBREVIATIONS
%
@STRING{AMS 	= "Amer.\ Meteor.\ Soc."}
@STRING{AGU 	= "Amer.\ Geophys.\ Union"}
@STRING{AIP 	= "Amer. Inst. Phys."}
@STRING{ADGEO     = "Adv.\ Geosci."}
@STRING{AFM       = "Agric.\ For.\ Meteor."}
@STRING{AM        = "Ann.\ Meteor."}
@STRING{AN        = "Astrophys.\ Norv."}		% Astrophysica Norvegica
@STRING{AO        = "Atmos.--Ocean"}			% Atmosphere--Ocean, published by Canadian Meteorological Society (CMOS)
@STRING{AR        = "Atmos.\ Res."}			% Atmospheric Research
@STRING{ARFM      = "Annu.\ Rev.\ Fluid Mech."}
@STRING{ASL       = "Atmos. Sci. Lett."}		% added by jshaw
@STRING{AUMET     = "Aust.\ Meteor.\ Mag."}
@STRING{BAMS      = "Bull.\ Amer.\ Meteor.\ Soc."}
@STRING{CAP       = "Contrib.\ Atmos.\ Phys."}
@STRING{CC        = "Climate Change"}      % Climate Change 
@STRING{CCH       = "Climatic Change"}			% Climatic Change
@STRING{CDYN      = "Climate Dyn."}
@STRING{CHAOS     = "Chaos"}
@STRING{COL       = "Collier's"}
@STRING{CRS       = "Cont.\ Shelf Res."}
@STRING{DAO       = "Dyn.\ Atmos.\ Oceans"}
@STRING{ECO       = "Ecology"}
@STRING{EI        = "Earth Interact."}
@STRING{GA        = "Geophysica"}			% Geophysica, published by Geophysical Society of Finland 
@STRING{GEOMAG    = "Geophys.\ Mag."}
@STRING{GN        = "Geophys.\ Norv."}			% Geophysica Norvegica
@STRING{GRL       = "Geophys.\ Res.\ Lett."}
@STRING{GEOINT    = "Geofis.\ Int."}			% Geofisica Internacional (Mexican journal -- vols. 3--5 contained proceedings from a hurricane conference
@STRING{GEOPUB    = "Geofys.\ Publ."}
@STRING{GPC       = "Global Planet.\ Change"}
@STRING{HP        = "Health Phys."}
@STRING{IAOP      = "Izv.\ Atmos.\ Ocean.\ Phys.\ (Engl.\ Transl.)"}
@STRING{IJC       = "Int.\ J.\ Climatol."}
@STRING{JAM       = "J.\ Appl.\ Meteor."}		% renamed to name below in 2006
@STRING{JAMC      = "J.\ Appl.\ Meteor.\ Climatol."}  	% Journal of Applied Meteorology and Climatology (this journal used to be called the Journal of Applied Meteorology before 2006)
@STRING{JAS       = "J.\ Atmos.\ Sci."}
@STRING{JAOT      = "J.\ Atmos.\ Oceanic Technol."}
@STRING{JCAM      = "J.\ Climate Appl.\ Meteor."}	% from 1983--87, now JAMC
@STRING{JCLI      = "J.\ Climate"}
@STRING{JCR       = "J.\ Coastal Res."}
@string{JCP       = "J.\ Comp.\ Phys."}                 % added by jshaw
@STRING{JFM       = "J.\ Fluid\ Mech."}
@STRING{JEM       = "J.\ Eng.\ Math."}			% Journal of Engineering Mathematics
@STRING{JGR       = "J.\ Geophys.\ Res."}
@STRING{JHM       = "J.\ Hydrometeor."}
@STRING{JMS       = "J.\ Mar.\ Syst."}
@STRING{JM        = "J.\ Meteor."}
@STRING{JMR       = "J.\ Mar.\ Res."}
@STRING{JMSJ      = "J.\ Meteor.\ Soc.\ Japan"}
@STRING{JPO       = "J.\ Phys.\ Oceanogr."}
@STRING{JOCEAN    = "J.\ Oceanogr."}			% Journal of Oceanography
@STRING{JOSJ      = "J.\ Oceanogr.\ Soc.\ Japan"}
@STRING{JSE       = "J.\ Struct.\ Eng."}	% Journal of Structural Engineering at ASCE
@STRING{JTM       = "J.\ Tropical Meteor."}
@STRING{JWEIA     = "J.\ Wind Eng.\ Ind.\ Aerodyn."}
@STRING{MA        = "Meteor.\ Appl."}
@STRING{MAP       = "Meteor.\ Atmos.\ Phys."}
@STRING{METMON    = "Meteor.\ Monogr."}
@STRING{METZEIT   = "Meteor.\ Z."}
@STRING{MWL       = "Mar.\ Wea.\ Log"}
@STRING{MWR       = "Mon.\ Wea.\ Rev."}
@STRING{NAT       = "Nature"}
@STRING{NHR       = "Nat.\ Hazards Rev."}
@STRING{NWD       = "Natl.\ Weather Dig."}
@STRING{OA        = "Oceanol. Aeta"}
@STRING{OCEAN     = "Oceanography"}                	% a quarterly journal of The Oceanography Society
@STRING{PAG       = "Pure Appl.\ Geophys."}
@STRING{PF        = "Phys.\ Fluids"}
@STRING{PHYSD     = "Physica D"}
@STRING{PMG       = "Pap.\ Meteor.\ Geophys."}	% Papers in Meteorology and Geophysics
@STRING{PNAS      = "Proc.\ Natl.\ Acad.\ Sci.\ (USA)"}
@STRING{PRE       = "Phys.\ Rev.\ E"}
@STRING{PRSA      = "Proc.\ Roy.\ Soc."}
@STRING{PT        = "Phys.\ Today"}
@STRING{PTRS      = "Philos.\ Trans.\ Roy.\ Soc.\ London"}
@STRING{QJRMS     = "Quart.\ J.\ Roy.\ Meteor.\ Soc."}
@STRING{RGEO      = "Rev. Geophys."}
@STRING{SCI       = "Science"}
@STRING{SOLA      = "SOLA"}				% Scientific Online Letters on the Atmosphere
@STRING{TAGU      = "Eos, Trans.\ Amer.\ Geophys.\ Union"}
@STRING{TELLUS    = "Tellus"}
@STRING{TCFD      = "Theor.\ Comput.\ Fluid Dyn."}
@STRING{WEA       = "Weather"}
@STRING{WW        = "Weatherwise"}
@STRING{WF        = "Wea.\ Forecasting"}
@STRING{WMOB      = "WMO Bull."}

@article{galchen-somerville1975a,
	title={On the Use of a Coordinate Transformation for the Solution of the Navier-Stokes Equations},
	author={Gal-Chen, Tzvi and Somerville, Richard CJ},
	journal=JCP,
	volume={17},
	pages={209--228},
	year={1975},
	publisher={Elsevier},
	doi={10.1016/0021-9991(75)90037-6}
}

@article{gary1973,
	title={Estimate of Truncation Error in Transformed Coordinate, Primitive Equation Atmospheric Models},
	author={Gary, John M},
	journal=JAS,
	volume={30},
	pages={223--233},
	year={1973},
	doi={10.1175/1520-0469(1973)030<0223:EOTEIT>2.0.CO;2}
}

@article{good2014,
	author = {Good, Beth and Gadian, Alan and Lock, Sarah-Jane and Ross, Andrew},
	title = {Performance of the cut-cell method of representing orography in idealized simulations},
	Journal = ASL,
	Year = {2014},
	Volume = {15},
	Pages = {44--49},
	DOI = {10.1002/asl2.465}
}

@article{klemp2011,
	title={A terrain-following coordinate with smoothed coordinate surfaces},
	author={Klemp, Joseph B},
	journal=MWR,
	volume={139},
	pages={2163--2169},
	year={2011},
	doi={dx.doi.org/10.1175/MWR-D-10-05046.1}
}

@article{leuenberger2010,
	title={A Generalization of the SLEVE Vertical Coordinate},
	author={Leuenberger, Daniel and Koller, Marcel and Fuhrer, Oliver and Sch{\"a}r, Christoph},
	journal=MWR,
	volume={138},
	pages={3683--3689},
	year={2010},
	doi={10.1175/2010MWR3307.1}
}

@article{lock2012,
	title={Demonstration of a Cut-Cell Representation of 3D Orography for Studies of Atmospheric Flows over Very Steep Hills},
	author={Lock, Sarah-Jane and Bitzer, Heinz-Werner and Coals, Alison and Gadian, Alan and Mobbs, Stephen},
	journal=MWR,
	volume={140},
	pages={411--424},
	year={2012},
	doi={10.1175/MWR-D-11-00069.1}
}

@article{schaer2002,
	title={A new terrain-following vertical coordinate formulation for atmospheric prediction models},
	author={Sch{\"a}r, Christoph and Leuenberger, Daniel and Fuhrer, Oliver and L{\"u}thi, Daniel and Girard, Claude},
	journal=MWR,
	volume={130},
	pages={2459--2480},
	year={2002},
	doi={10.1175/1520-0493(2002)130<2459:ANTFVC>2.0.CO;2}
}

@article{simmons-burridge1981,
	title={An energy and angular-momentum conserving vertical finite-difference scheme and hybrid vertical coordinates},
	author={Simmons, Adrian J and Burridge, David M},
	journal=MWR,
	volume={109},
	pages={758--766},
	year={1981},
	doi={10.1175/1520-0493(1981)109<0758:AEAAMC>2.0.CO;2}
}

@article{zaengl2012,
	title={Extending the numerical stability limit of terrain-following coordinate models over steep slopes},
	author={Z{\"a}ngl, G{\"u}nther},
	journal=MWR,
	volume={140},
	pages={3722--3733},
	year={2012},
	doi={10.1175/MWR-D-12-00049.1}
}
