@STRING{MWR       = "Mon.\ Wea.\ Rev."}
@STRING{QJRMS     = "Quart.\ J.\ Roy.\ Meteor.\ Soc."}
@string{JCP       = "J.\ Comp.\ Phys."}

@article{arakawa-konor1996,
	title={Vertical Differencing of the Primitive Equations Based on the Charney-Phillips Grid in Hybrid $\sigma$--$p$ Vertical Coordinates},
	author={Arakawa, Akio and Konor, Celal S},
	journal=MWR,
	volume={124},
	pages={511--528},
	year={1996}
}

@article{barron2006,
	title={Formulation, implementation and examination of vertical coordinate choices in the Global Navy Coastal Ocean Model ({NCOM})},
	author={Barron, Charlie N and Kara, A Birol and Martin, Paul J and Rhodes, Robert C and Smedstad, Lucy F},
	journal={Ocean Modelling},
	volume={11},
	pages={347--375},
	year={2006},
	publisher={Elsevier}
}

@Article{burchard-petersen1997,
	author =               {Burchard, H. and Petersen, O.},
	title =                {Hybridization between sigma- and z-co-ordinates for improving the internal pressure gradient calculation in marine models with steep bottom slopes},
	journal =      {Int. J. for Num. Methods in Fluids},
	year =                 {1997},
	volume =       {25},
	pages =        {1003-1023},
}

@article{colella-woodward1984,
	title={The piecewise parabolic method ({PPM}) for gas-dynamical simulations},
	author={Colella, Phillip and Woodward, Paul R},
	journal=JCP,
	volume={54},
	pages={174--201},
	year={1984},
	publisher={Elsevier}
}

@article{galchen-somerville1975,
	title={On the Use of a Coordinate Transformation for the Solution of the Navier-Stokes Equations},
	author={Gal-Chen, Tzvi and Somerville, Richard CJ},
	journal=JCP,
	volume={17},
	pages={209--228},
	year={1975}
}

@article{holdaway2013a,
	title={Comparison of Lorenz and Charney--Phillips vertical discretisations for dynamics--boundary layer coupling. Part I: Steady states},
	author={Holdaway, D and Thuburn, J and Wood, N},
	journal=QJRMS,
	volume={139},
	pages={1073--1086},
	year={2013},
	publisher={Wiley Online Library}
}

@article{jebens2011,
	title={Partially implicit peer methods for the compressible Euler equations},
	author={Jebens, Stefan and Knoth, Oswald and Weiner, R{\"u}diger},
	journal=JCP,
	volume={230},
	pages={4955--4974},
	year={2011}
}

@article{klemp2011,
	title={A terrain-following coordinate with smoothed coordinate surfaces},
	author={Klemp, Joseph B},
	journal=MWR,
	volume={139},
	pages={2163--2169},
	year={2011}
}

@article{leonard1996,
	title={Conservative explicit unrestricted-time-step multidimensional constancy-preserving advection schemes},
	author={Leonard, BP and Lock, AP and MacVean, MK},
	journal=MWR,
	volume={124},
	pages={2588--2606},
	year={1996}
}

@article{leuenberger2010,
	title={A Generalization of the {SLEVE} Vertical Coordinate},
	author={Leuenberger, Daniel and Koller, Marcel and Fuhrer, Oliver and Sch{\"a}r, Christoph},
	journal=MWR,
	volume={138},
	pages={3683--3689},
	year={2010}
}

@article{melvin2010,
	title={An inherently mass-conserving iterative semi-implicit semi-Lagrangian discretization of the non-hydrostatic vertical-slice equations},
	author={Melvin, Thomas and Dubal, Mark and Wood, Nigel and Staniforth, Andrew and Zerroukat, Mohamed},
	journal=QJRMS,
	volume={136},
	pages={799--814},
	year={2010}
}

@article{nicolaides1992,
	title={Direct discretization of planar div-curl problems},
	author={Nicolaides, Roy A},
	journal={SIAM J. on Num. Analysis},
	volume={29},
	pages={32--56},
	year={1992},
	publisher={SIAM}
}

@article{schaer2002,
	title={A new terrain-following vertical coordinate formulation for atmospheric prediction models},
	author={Sch{\"a}r, Christoph and Leuenberger, Daniel and Fuhrer, Oliver and L{\"u}thi, Daniel and Girard, Claude},
	journal=MWR,
	volume={130},
	pages={2459--2480},
	year={2002}
}

@mastersthesis{shaw2014,
	title={Representation of Mountains in Atmospheric Models},
	author={James Shaw},
	year={2014},
	department = {Dept. of Meteorology},
	school = {University of Reading}
}

@article{steppeler2002,
	title={Nonhydrostatic Atmospheric Modeling using a $z$-Coordinate Representation},
	author={Steppeler, J{\"u}rgen and Bitzer, Heinz-Werner and Minotte, Maud and Bonaventura, Luca},
	journal=MWR,
	volume={130},
	pages={2143--2149},
	year={2002}
}

@article{shaw-weller2015,
	title={Comparison of Terrain Following and Cut Cell Grids using a Non-Hydrostatic Model},
	author={James Shaw and Hilary Weller},
	journal=MWR,
	year={2015},
	note={In preparation}
}	

@article{webster2003,
	title={Improvements to the representation of orography in the Met Office Unified Model},
	author={Webster, S and Brown, AR and Cameron, DR and Jones, CP},
	journal=QJRMS,
	volume={129},
	pages={1989--2010},
	year={2003},
	publisher={Wiley Online Library}
}

@article{weller-shahrokhi2014,
	title={Curl-Free Pressure Gradients over Orography in a Solution of the Fully Compressible Euler Equations with Implicit Treatment of Acoustic and Gravity Waves},
	author={Hilary Weller and Ava Shahrokhi},
	journal=MWR,
	year={2014},
	volume={142},
	pages={4439--4457}
}

@article{yamazaki-satomura2010,
	title={Nonhydrostatic Atmospheric Modeling Using a Combined Cartesian Grid},
	author={Yamazaki, Hiroe and Satomura, Takehiko},
	journal=MWR,
	volume={138},
	pages={3932--3945},
	year={2010}
}
