%
% JOURNAL ABBREVIATIONS
%
@STRING{AMS 	= "Amer.\ Meteor.\ Soc."}
@STRING{AGU 	= "Amer.\ Geophys.\ Union"}
@STRING{AIP 	= "Amer. Inst. Phys."}
@STRING{ADGEO     = "Adv.\ Geosci."}
@STRING{AFM       = "Agric.\ For.\ Meteor."}
@STRING{AM        = "Ann.\ Meteor."}
@STRING{AN        = "Astrophys.\ Norv."}		% Astrophysica Norvegica
@STRING{AO        = "Atmos.--Ocean"}			% Atmosphere--Ocean, published by Canadian Meteorological Society (CMOS)
@STRING{AR        = "Atmos.\ Res."}			% Atmospheric Research
@STRING{ARFM      = "Annu.\ Rev.\ Fluid Mech."}
@STRING{ASL       = "Atmos. Sci. Lett."}		% added by jshaw
@STRING{AUMET     = "Aust.\ Meteor.\ Mag."}
@STRING{BAMS      = "Bull.\ Amer.\ Meteor.\ Soc."}
@STRING{CAP       = "Contrib.\ Atmos.\ Phys."}
@STRING{CC        = "Climate Change"}      % Climate Change 
@STRING{CCH       = "Climatic Change"}			% Climatic Change
@STRING{CDYN      = "Climate Dyn."}
@STRING{CHAOS     = "Chaos"}
@STRING{COL       = "Collier's"}
@STRING{CRS       = "Cont.\ Shelf Res."}
@STRING{DAO       = "Dyn.\ Atmos.\ Oceans"}
@STRING{ECO       = "Ecology"}
@STRING{EI        = "Earth Interact."}
@STRING{GA        = "Geophysica"}			% Geophysica, published by Geophysical Society of Finland 
@STRING{GEOMAG    = "Geophys.\ Mag."}
@STRING{GMD       = "Geosci.\ Model\ Dev."}		% added by jshaw
@STRING{GN        = "Geophys.\ Norv."}			% Geophysica Norvegica
@STRING{GRL       = "Geophys.\ Res.\ Lett."}
@STRING{GEOINT    = "Geofis.\ Int."}			% Geofisica Internacional (Mexican journal -- vols. 3--5 contained proceedings from a hurricane conference)
@STRING{GEOPUB    = "Geofys.\ Publ."}
@STRING{GPC       = "Global Planet.\ Change"}
@STRING{HP        = "Health Phys."}
@STRING{IAOP      = "Izv.\ Atmos.\ Ocean.\ Phys.\ (Engl.\ Transl.)"}
@STRING{IJC       = "Int.\ J.\ Climatol."}
@STRING{JAM       = "J.\ Appl.\ Meteor."}		% renamed to name below in 2006
@STRING{JAMES     = "J.\ Adv.\ Model.\ Earth Sys."}     % added by jshaw
@STRING{JAMC      = "J.\ Appl.\ Meteor.\ Climatol."}  	% Journal of Applied Meteorology and Climatology (this journal used to be called the Journal of Applied Meteorology before 2006)
@STRING{JAS       = "J.\ Atmos.\ Sci."}
@STRING{JAOT      = "J.\ Atmos.\ Oceanic Technol."}
@STRING{JCAM      = "J.\ Climate Appl.\ Meteor."}	% from 1983--87, now JAMC
@STRING{JCLI      = "J.\ Climate"}
@STRING{JCR       = "J.\ Coastal Res."}
@string{JCP       = "J.\ Comp.\ Phys."}                 % added by jshaw
@STRING{JFM       = "J.\ Fluid\ Mech."}
@STRING{JEM       = "J.\ Eng.\ Math."}			% Journal of Engineering Mathematics
@STRING{JGR       = "J.\ Geophys.\ Res."}
@STRING{JHM       = "J.\ Hydrometeor."}
@STRING{JMS       = "J.\ Mar.\ Syst."}
@STRING{JM        = "J.\ Meteor."}
@STRING{JMR       = "J.\ Mar.\ Res."}
@STRING{JMSJ      = "J.\ Meteor.\ Soc.\ Japan"}
@STRING{JPO       = "J.\ Phys.\ Oceanogr."}
@STRING{JOCEAN    = "J.\ Oceanogr."}			% Journal of Oceanography
@STRING{JOSJ      = "J.\ Oceanogr.\ Soc.\ Japan"}
@STRING{JSE       = "J.\ Struct.\ Eng."}	% Journal of Structural Engineering at ASCE
@STRING{JTM       = "J.\ Tropical Meteor."}
@STRING{JWEIA     = "J.\ Wind Eng.\ Ind.\ Aerodyn."}
@STRING{MA        = "Meteor.\ Appl."}
@STRING{MAP       = "Meteor.\ Atmos.\ Phys."}
@STRING{METMON    = "Meteor.\ Monogr."}
@STRING{METZEIT   = "Meteor.\ Z."}
@STRING{MWL       = "Mar.\ Wea.\ Log"}
@STRING{MWR       = "Mon.\ Wea.\ Rev."}
@STRING{NAT       = "Nature"}
@STRING{NHR       = "Nat.\ Hazards Rev."}
@STRING{NWD       = "Natl.\ Weather Dig."}
@STRING{OA        = "Oceanol. Aeta"}
@STRING{OCEAN     = "Oceanography"}                	% a quarterly journal of The Oceanography Society
@STRING{PAG       = "Pure Appl.\ Geophys."}
@STRING{PF        = "Phys.\ Fluids"}
@STRING{PHYSD     = "Physica D"}
@STRING{PMG       = "Pap.\ Meteor.\ Geophys."}	% Papers in Meteorology and Geophysics
@STRING{PNAS      = "Proc.\ Natl.\ Acad.\ Sci.\ (USA)"}
@STRING{PRE       = "Phys.\ Rev.\ E"}
@STRING{PRSA      = "Proc.\ Roy.\ Soc."}
@STRING{PT        = "Phys.\ Today"}
@STRING{PTRS      = "Philos.\ Trans.\ Roy.\ Soc.\ London"}
@STRING{PTRSA     = "Phil.\ Trans.\ R.\ Soc.\ A"}
@STRING{QJRMS     = "Quart.\ J.\ Roy.\ Meteor.\ Soc."}
@STRING{RGEO      = "Rev. Geophys."}
@STRING{SCI       = "Science"}
@STRING{SOLA      = "SOLA"}				% Scientific Online Letters on the Atmosphere
@STRING{TAGU      = "Eos, Trans.\ Amer.\ Geophys.\ Union"}
@STRING{TELLUS    = "Tellus"}
@STRING{TCFD      = "Theor.\ Comput.\ Fluid Dyn."}
@STRING{WEA       = "Weather"}
@STRING{WW        = "Weatherwise"}
@STRING{WF        = "Wea.\ Forecasting"}
@STRING{WMOB      = "WMO Bull."}

@article{arakawa-konor1996,
	title={Vertical Differencing of the Primitive Equations Based on the {Charney-Phillips} Grid in Hybrid $\sigma$--$p$ Vertical Coordinates},
	author={Arakawa, Akio and Konor, Celal S},
	journal=MWR,
	volume={124},
	pages={511--528},
	year={1996},
	doi={10.1175/1520-0493(1996)124<0511:VDOTPE>2.0.CO;2}
}

@article{klein2009,
	title={Well-balanced compressible cut-cell simulation of atmospheric flow},
	author={Klein, R and Bates, K.R. and Nikiforakis, N},
	journal=PTRSA,
	volume={367},
	pages={4559--4575},
	year={2009},
	publisher={The Royal Society},
	doi={10.1098/rsta.2009.0174}
}

@article{klemp2011,
	title={A terrain-following coordinate with smoothed coordinate surfaces},
	author={Klemp, Joseph B},
	journal=MWR,
	volume={139},
	pages={2163--2169},
	year={2011},
	doi={dx.doi.org/10.1175/MWR-D-10-05046.1}
}

@article{lauritzen2012,
	title={A standard test case suite for two-dimensional linear transport on the sphere},
	author={Lauritzen, Peter Hjort and Skamarock, William C and Prather, MJ and Taylor, MA},
	journal=GMD,
	volume={5},
	pages={887--901},
	year={2012},
	doi={10.5194/gmd-5-887-2012}
}

@article{mesinger2012,
	title={An upgraded version of the {Eta} model},
	author={Mesinger, Fedor and Chou, Sin Chan and Gomes, Jorge L and Jovic, Dusan and Bastos, Paulo and Bustamante, Josiane F and Lazic, Lazar and Lyra, Andr{\'e} A and Morelli, Sandra and Ristic, Ivan and others},
	journal=MAP,
	volume={116},
	pages={63--79},
	year={2012},
	publisher={Springer},
	doi={10.1007/s00703-012-0182-z}
}

@misc{openfoam,
	title={{OpenFOAM} User Guide},
	year={2016},
	author={{CFD Direct}},
	note={\url{http://cfd.direct/openfoam/user-guide/fvschemes/}}
}

@article{schaer2002,
	title={A new terrain-following vertical coordinate formulation for atmospheric prediction models},
	author={Sch{\"a}r, Christoph and Leuenberger, Daniel and Fuhrer, Oliver and L{\"u}thi, Daniel and Girard, Claude},
	journal=MWR,
	volume={130},
	pages={2459--2480},
	year={2002},
	doi={10.1175/1520-0493(2002)130<2459:ANTFVC>2.0.CO;2}
}

@article{shaw-weller2016,
	title={Comparison of Terrain Following and Cut Cell Grids using a Non-Hydrostatic Model},
	author={Shaw, James and Weller, Hilary},
	journal=MWR,
	year={2016},
	doi={10.1175/MWR-D-15-0226.1},
	volume={144},
	pages={2085--2099}
}

@article{smolarkiewicz-szmelter2011,
	title={A nonhydrostatic unstructured-mesh soundproof model for simulation of internal gravity waves},
	author={Smolarkiewicz, Piotr K and Szmelter, Joanna},
	journal={Acta Geophysica},
	volume={59},
	pages={1109--1134},
	year={2011},
	publisher={Springer},
	doi={10.2478/s11600-011-043-z}
}

@article{weller-shahrokhi2014,
	title={Curl free pressure gradients over orography in a solution of the fully compressible {Euler} equations with implicit treatment of acoustic and gravity waves},
	author={Hilary Weller and Ava Shahrokhi},
	journal=MWR,
	year={2014},
	volume={142},
	pages={4439--4457},
	doi={10.1175/MWR-D-14-00054.1}
}
