%
% JOURNAL ABBREVIATIONS
%
@STRING{AMS 	= "Amer.\ Meteor.\ Soc."}
@STRING{AGU 	= "Amer.\ Geophys.\ Union"}
@STRING{AIP 	= "Amer. Inst. Phys."}
@STRING{ADGEO     = "Adv.\ Geosci."}
@STRING{AFM       = "Agric.\ For.\ Meteor."}
@STRING{AM        = "Ann.\ Meteor."}
@STRING{AN        = "Astrophys.\ Norv."}		% Astrophysica Norvegica
@STRING{AO        = "Atmos.--Ocean"}			% Atmosphere--Ocean, published by Canadian Meteorological Society (CMOS)
@STRING{AR        = "Atmos.\ Res."}			% Atmospheric Research
@STRING{ARFM      = "Annu.\ Rev.\ Fluid Mech."}
@STRING{ASL       = "Atmos. Sci. Lett."}		% added by jshaw
@STRING{AUMET     = "Aust.\ Meteor.\ Mag."}
@STRING{BAMS      = "Bull.\ Amer.\ Meteor.\ Soc."}
@STRING{CAP       = "Contrib.\ Atmos.\ Phys."}
@STRING{CC        = "Climate Change"}      % Climate Change 
@STRING{CCH       = "Climatic Change"}			% Climatic Change
@STRING{CDYN      = "Climate Dyn."}
@STRING{CHAOS     = "Chaos"}
@STRING{COL       = "Collier's"}
@STRING{CRS       = "Cont.\ Shelf Res."}
@STRING{DAO       = "Dyn.\ Atmos.\ Oceans"}
@STRING{ECO       = "Ecology"}
@STRING{EI        = "Earth Interact."}
@STRING{GA        = "Geophysica"}			% Geophysica, published by Geophysical Society of Finland 
@STRING{GEOMAG    = "Geophys.\ Mag."}
@STRING{GMD       = "Geosci.\ Model\ Dev."}		% added by jshaw
@STRING{GN        = "Geophys.\ Norv."}			% Geophysica Norvegica
@STRING{GRL       = "Geophys.\ Res.\ Lett."}
@STRING{GEOINT    = "Geofis.\ Int."}			% Geofisica Internacional (Mexican journal -- vols. 3--5 contained proceedings from a hurricane conference)
@STRING{GEOPUB    = "Geofys.\ Publ."}
@STRING{GPC       = "Global Planet.\ Change"}
@STRING{HP        = "Health Phys."}
@STRING{IAOP      = "Izv.\ Atmos.\ Ocean.\ Phys.\ (Engl.\ Transl.)"}
@STRING{IJC       = "Int.\ J.\ Climatol."}
@STRING{JAM       = "J.\ Appl.\ Meteor."}		% renamed to name below in 2006
@STRING{JAMES     = "J.\ Adv.\ Model.\ Earth Sys."}     % added by jshaw
@STRING{JAMC      = "J.\ Appl.\ Meteor.\ Climatol."}  	% Journal of Applied Meteorology and Climatology (this journal used to be called the Journal of Applied Meteorology before 2006)
@STRING{JAS       = "J.\ Atmos.\ Sci."}
@STRING{JAOT      = "J.\ Atmos.\ Oceanic Technol."}
@STRING{JCAM      = "J.\ Climate Appl.\ Meteor."}	% from 1983--87, now JAMC
@STRING{JCLI      = "J.\ Climate"}
@STRING{JCR       = "J.\ Coastal Res."}
@string{JCP       = "J.\ Comp.\ Phys."}                 % added by jshaw
@STRING{JFM       = "J.\ Fluid\ Mech."}
@STRING{JEM       = "J.\ Eng.\ Math."}			% Journal of Engineering Mathematics
@STRING{JGR       = "J.\ Geophys.\ Res."}
@STRING{JHM       = "J.\ Hydrometeor."}
@STRING{JMS       = "J.\ Mar.\ Syst."}
@STRING{JM        = "J.\ Meteor."}
@STRING{JMR       = "J.\ Mar.\ Res."}
@STRING{JMSJ      = "J.\ Meteor.\ Soc.\ Japan"}
@STRING{JPO       = "J.\ Phys.\ Oceanogr."}
@STRING{JOCEAN    = "J.\ Oceanogr."}			% Journal of Oceanography
@STRING{JOSJ      = "J.\ Oceanogr.\ Soc.\ Japan"}
@STRING{JSE       = "J.\ Struct.\ Eng."}	% Journal of Structural Engineering at ASCE
@STRING{JTM       = "J.\ Tropical Meteor."}
@STRING{JWEIA     = "J.\ Wind Eng.\ Ind.\ Aerodyn."}
@STRING{MA        = "Meteor.\ Appl."}
@STRING{MAP       = "Meteor.\ Atmos.\ Phys."}
@STRING{METMON    = "Meteor.\ Monogr."}
@STRING{METZEIT   = "Meteor.\ Z."}
@STRING{MWL       = "Mar.\ Wea.\ Log"}
@STRING{MWR       = "Mon.\ Wea.\ Rev."}
@STRING{NAT       = "Nature"}
@STRING{NHR       = "Nat.\ Hazards Rev."}
@STRING{NWD       = "Natl.\ Weather Dig."}
@STRING{OA        = "Oceanol. Aeta"}
@STRING{OCEAN     = "Oceanography"}                	% a quarterly journal of The Oceanography Society
@STRING{PAG       = "Pure Appl.\ Geophys."}
@STRING{PF        = "Phys.\ Fluids"}
@STRING{PHYSD     = "Physica D"}
@STRING{PMG       = "Pap.\ Meteor.\ Geophys."}	% Papers in Meteorology and Geophysics
@STRING{PNAS      = "Proc.\ Natl.\ Acad.\ Sci.\ (USA)"}
@STRING{PRE       = "Phys.\ Rev.\ E"}
@STRING{PRSA      = "Proc.\ Roy.\ Soc."}
@STRING{PT        = "Phys.\ Today"}
@STRING{PTRS      = "Philos.\ Trans.\ Roy.\ Soc.\ London"}
@STRING{PTRSA     = "Phil.\ Trans.\ R.\ Soc.\ A"}
@STRING{QJRMS     = "Quart.\ J.\ Roy.\ Meteor.\ Soc."}
@STRING{RGEO      = "Rev. Geophys."}
@STRING{SCI       = "Science"}
@STRING{SIAMJSC   = "SIAM J. Sci. Comput."}             % added by jshaw
@STRING{SOLA      = "SOLA"}				% Scientific Online Letters on the Atmosphere
@STRING{TAGU      = "Eos, Trans.\ Amer.\ Geophys.\ Union"}
@STRING{TELLUS    = "Tellus"}
@STRING{TCFD      = "Theor.\ Comput.\ Fluid Dyn."}
@STRING{WEA       = "Weather"}
@STRING{WW        = "Weatherwise"}
@STRING{WF        = "Wea.\ Forecasting"}
@STRING{WMOB      = "WMO Bull."}

@article{arakawa-konor1996,
	title={Vertical Differencing of the Primitive Equations Based on the Charney-Phillips Grid in Hybrid $\sigma$--$p$ Vertical Coordinates},
	author={Arakawa, Akio and Konor, Celal S},
	journal=MWR,
	volume={124},
	number={3},
	pages={511--528},
	year={1996},
	doi={https://doi.org/10.1175/1520-0493(1996)124\%3C0511:VDOTPE\%3E2.0.CO;2}
}

@article{devendran2015,
	title={A higher-order finite-volume discretization method for {Poisson's} equation in cut cell geometries},
	author={Devendran, D and Graves, DT and Johansen, H},
	journal=SIAMJSC,
	year={2015},
	note={submitted; preprint, \url{http://arxiv.org/abs/1411.4283}}
}

@article{klein2009,
	title={Well-balanced compressible cut-cell simulation of atmospheric flow},
	author={Klein, R and Bates, K.R. and Nikiforakis, N},
	journal=PTRS,
	volume={367},
	number={1907},
	pages={4559--4575},
	year={2009},
	publisher={The Royal Society},
	doi={10.1098/rsta.2009.0174}
}

@article{klemp2011,
	title={A terrain-following coordinate with smoothed coordinate surfaces},
	author={Klemp, Joseph B},
	journal=MWR,
	volume={139},
	number={7},
	pages={2163--2169},
	year={2011},
	doi={10.1175/MWR-D-10-05046.1}
}

@article{lauritzen2012,
	title={A standard test case suite for two-dimensional linear transport on the sphere},
	author={Lauritzen, Peter Hjort and Skamarock, William C and Prather, MJ and Taylor, MA},
	journal=GMD,
	volume={5},
	pages={887--901},
	year={2012},
	doi={10.5194/gmd-5-887-2012}
}

@article{leuenberger2010,
	title={A Generalization of the {SLEVE} Vertical Coordinate},
	author={Leuenberger, Daniel and Koller, Marcel and Fuhrer, Oliver and Sch{\"a}r, Christoph},
	journal=MWR,
	volume={138},
	number={9},
	pages={3683--3689},
	year={2010},
	doi={10.1175/2010MWR3307.1}
}

@article{qaddouri2011,
	title={The {Canadian} Global Environmental Multiscale model on the Yin-Yang grid system},
	author={Qaddouri, Abdessamad and Lee, Vivian},
	journal={Quarterly Journal of the Royal Meteorological Society},
	volume={137},
	number={660},
	pages={1913--1926},
	year={2011},
	publisher={Wiley Online Library},
	doi={10.1002/qj.873}
}

@article{schaer2002,
	title={A new terrain-following vertical coordinate formulation for atmospheric prediction models},
	author={Sch{\"a}r, Christoph and Leuenberger, Daniel and Fuhrer, Oliver and L{\"u}thi, Daniel and Girard, Claude},
	journal=MWR,
	volume={130},
	pages={2459--2480},
	year={2002},
	doi={10.1175/1520-0493(2002)130<2459:ANTFVC>2.0.CO;2}
}

@article{shaw-weller2016,
	title={Comparison of Terrain Following and Cut Cell Grids using a Non-Hydrostatic Model},
	author={Shaw, James and Weller, Hilary},
	journal=MWR,
	year={2016},
	doi={10.1175/MWR-D-15-0226.1},
	volume={144},
	number={6},
	pages={2085--2099}
}

@article{shaw2017,
	title={Multidimensional method-of-lines transport for atmospheric flows over steep terrain using arbitrary meshes},
	author={Shaw, James and Weller, Hilary and Methven, John and Davies, Terry},
	journal=JCP,
	volume={344},
	pages={86--107},
	year={2017},
	publisher={Elsevier},
	doi={10.1016/j.jcp.2017.04.061}
}

@article{staniforth-thuburn2012,
	title={Horizontal grids for global weather and climate prediction models: a review},
	author={Staniforth, Andrew and Thuburn, John},
	journal=QJRMS,
	volume={138},
	number={662},
	pages={1--26},
	year={2012},
	publisher={Wiley Online Library},
	doi={10.1002/qj.958}
}

@article{untch-hortal2004,
	title={A finite-element scheme for the vertical discretization of the {semi-Lagrangian} version of the {ECMWF} forecast model},
	author={Untch, A and Hortal, Mariano},
	journal=QJRMS,
	volume={130},
	number={599},
	pages={1505--1530},
	year={2004},
	publisher={Wiley Online Library},
	doi={10.1256/qj.03.173}
}

@article{wan2013,
	title={The {ICON-1.2} hydrostatic atmospheric dynamical core on triangular grids, {Part I}: formulation and performance of the baseline version},
	author={Wan, Hui and Giorgetta, Marco A and Z{\"a}ngl, G{\"u}nther and Restelli, Marco and Majewski, Detlev and Bonaventura, Luca and Fr{\"o}hlich, Kristina and Reinert, Daniel and R{\i}podas, P and Kornblueh, Luis and others},
	journal=GMD,
	volume={6},
	pages={735--763},
	year={2013},
	publisher={Copernicus Publ.},
	doi={10.5194/gmd-6-735-2013}
}

@article{webster2003,
	title={Improvements to the representation of orography in the {Met Office Unified Model}},
	author={Webster, S and Brown, AR and Cameron, DR and Jones, CP},
	journal=QJRMS,
	volume={129},
	number={591},
	pages={1989--2010},
	year={2003},
	publisher={Wiley Online Library},
	doi={10.1256/qj.02.133}
}

@article{weller2012,
	title={Computational modes and grid imprinting on five quasi-uniform spherical {C} grids},
	author={Weller, Hilary and Thuburn, John and Cotter, Colin J},
	journal=MWR,
	volume={140},
	number={8},
	pages={2734--2755},
	year={2012},
	doi={10.1175/MWR-D-11-00193.1}
}

@article{weller-shahrokhi2014,
	title={Curl free pressure gradients over orography in a solution of the fully compressible {Euler} equations with implicit treatment of acoustic and gravity waves},
	author={Hilary Weller and Ava Shahrokhi},
	journal=MWR,
	year={2014},
	volume={142},
	pages={4439--4457},
	doi={10.1175/MWR-D-14-00054.1}
}

@article{zaengl2015,
	title={The {ICON} ({ICOsahedral Non-hydrostatic}) modelling framework of {DWD} and {MPI-M}: Description of the non-hydrostatic dynamical core},
	author={Z{\"a}ngl, G{\"u}nther and Reinert, Daniel and R{\'\i}podas, Pilar and Baldauf, Michael},
	journal=QJRMS,
	volume={141},
	number={687},
	pages={563--579},
	year={2015},
	publisher={Wiley Online Library},
	doi={10.1002/qj.2378}
}
