%
% JOURNAL ABBREVIATIONS
%
@STRING{ACME    = "Arch.\ Comput.\ Method.\ E."}        % added by jshaw
@STRING{AMS 	= "Amer.\ Meteor.\ Soc."}
@STRING{AGU 	= "Amer.\ Geophys.\ Union"}
@STRING{AIP 	= "Amer. Inst. Phys."}
@STRING{ADGEO     = "Adv.\ Geosci."}
@STRING{AFM       = "Agric.\ For.\ Meteor."}
@STRING{AM        = "Ann.\ Meteor."}
@STRING{AN        = "Astrophys.\ Norv."}		% Astrophysica Norvegica
@STRING{AO        = "Atmos.--Ocean"}			% Atmosphere--Ocean, published by Canadian Meteorological Society (CMOS)
@STRING{AR        = "Atmos.\ Res."}			% Atmospheric Research
@STRING{ARFM      = "Annu.\ Rev.\ Fluid Mech."}
@STRING{ASL       = "Atmos. Sci. Lett."}		% added by jshaw
@STRING{AUMET     = "Aust.\ Meteor.\ Mag."}
@STRING{BAMS      = "Bull.\ Amer.\ Meteor.\ Soc."}
@STRING{CAMCOS    = "Comm.\ App.\ Math.\ Comp.\ Sci."}   % added by jshaw
@STRING{CAP       = "Contrib.\ Atmos.\ Phys."}
@STRING{CC        = "Climate Change"}      % Climate Change 
@STRING{CCH       = "Climatic Change"}			% Climatic Change
@STRING{CDYN      = "Climate Dyn."}
@STRING{CHAOS     = "Chaos"}
@STRING{COL       = "Collier's"}
@STRING{CRS       = "Cont.\ Shelf Res."}
@STRING{DAO       = "Dyn.\ Atmos.\ Oceans"}
@STRING{ECO       = "Ecology"}
@STRING{EI        = "Earth Interact."}
@STRING{GA        = "Geophysica"}			% Geophysica, published by Geophysical Society of Finland 
@STRING{GEOMAG    = "Geophys.\ Mag."}
@STRING{GMD       = "Geosci.\ Model\ Dev."}		% added by jshaw
@STRING{GN        = "Geophys.\ Norv."}			% Geophysica Norvegica
@STRING{GRL       = "Geophys.\ Res.\ Lett."}
@STRING{GEOINT    = "Geofis.\ Int."}			% Geofisica Internacional (Mexican journal -- vols. 3--5 contained proceedings from a hurricane conference)
@STRING{GEOPUB    = "Geofys.\ Publ."}
@STRING{GPC       = "Global Planet.\ Change"}
@STRING{HP        = "Health Phys."}
@STRING{IAOP      = "Izv.\ Atmos.\ Ocean.\ Phys.\ (Engl.\ Transl.)"}
@STRING{IJC       = "Int.\ J.\ Climatol."}
@STRING{JAM       = "J.\ Appl.\ Meteor."}		% renamed to name below in 2006
@STRING{JAMES     = "J.\ Adv.\ Model.\ Earth Sys."}     % added by jshaw
@STRING{JAMC      = "J.\ Appl.\ Meteor.\ Climatol."}  	% Journal of Applied Meteorology and Climatology (this journal used to be called the Journal of Applied Meteorology before 2006)
@STRING{JAS       = "J.\ Atmos.\ Sci."}
@STRING{JAOT      = "J.\ Atmos.\ Oceanic Technol."}
@STRING{JCAM      = "J.\ Climate Appl.\ Meteor."}	% from 1983--87, now JAMC
@STRING{JCLI      = "J.\ Climate"}
@STRING{JCR       = "J.\ Coastal Res."}
@string{JCP       = "J.\ Comp.\ Phys."}                 % added by jshaw
@STRING{JFM       = "J.\ Fluid\ Mech."}
@STRING{JEM       = "J.\ Eng.\ Math."}			% Journal of Engineering Mathematics
@STRING{JGR       = "J.\ Geophys.\ Res."}
@STRING{JHM       = "J.\ Hydrometeor."}
@STRING{JMS       = "J.\ Mar.\ Syst."}
@STRING{JM        = "J.\ Meteor."}
@STRING{JMR       = "J.\ Mar.\ Res."}
@STRING{JMSJ      = "J.\ Meteor.\ Soc.\ Japan"}
@STRING{JPO       = "J.\ Phys.\ Oceanogr."}
@STRING{JOCEAN    = "J.\ Oceanogr."}			% Journal of Oceanography
@STRING{JOSJ      = "J.\ Oceanogr.\ Soc.\ Japan"}
@STRING{JSE       = "J.\ Struct.\ Eng."}	% Journal of Structural Engineering at ASCE
@STRING{JTM       = "J.\ Tropical Meteor."}
@STRING{JWEIA     = "J.\ Wind Eng.\ Ind.\ Aerodyn."}
@STRING{MA        = "Meteor.\ Appl."}
@STRING{MAP       = "Meteor.\ Atmos.\ Phys."}
@STRING{METMON    = "Meteor.\ Monogr."}
@STRING{METZEIT   = "Meteor.\ Z."}
@STRING{MWL       = "Mar.\ Wea.\ Log"}
@STRING{MWR       = "Mon.\ Wea.\ Rev."}
@STRING{NAT       = "Nature"}
@STRING{NHR       = "Nat.\ Hazards Rev."}
@STRING{NWD       = "Natl.\ Weather Dig."}
@STRING{OA        = "Oceanol. Aeta"}
@STRING{OCEAN     = "Oceanography"}                	% a quarterly journal of The Oceanography Society
@STRING{PAG       = "Pure Appl.\ Geophys."}
@STRING{PF        = "Phys.\ Fluids"}
@STRING{PHYSD     = "Physica D"}
@STRING{PMG       = "Pap.\ Meteor.\ Geophys."}	% Papers in Meteorology and Geophysics
@STRING{PNAS      = "Proc.\ Natl.\ Acad.\ Sci.\ (USA)"}
@STRING{PRE       = "Phys.\ Rev.\ E"}
@STRING{PRSA      = "Proc.\ Roy.\ Soc."}
@STRING{PT        = "Phys.\ Today"}
@STRING{PTRS      = "Philos.\ Trans.\ Roy.\ Soc.\ London"}
@STRING{PTRSA     = "Phil.\ Trans.\ R.\ Soc.\ A"}
@STRING{QJRMS     = "Quart.\ J.\ Roy.\ Meteor.\ Soc."}
@STRING{RGEO      = "Rev. Geophys."}
@STRING{SCI       = "Science"}
@STRING{SCICHI    = "Sci.\ China\ Ser.\ D"}             % added by jshaw
@STRING{SIAMJSC   = "SIAM J. Sci. Comput."}             % added by jshaw
@STRING{SOLA      = "SOLA"}				% Scientific Online Letters on the Atmosphere
@STRING{TAGU      = "Eos, Trans.\ Amer.\ Geophys.\ Union"}
@STRING{TELLUS    = "Tellus"}
@STRING{TCFD      = "Theor.\ Comput.\ Fluid Dyn."}
@STRING{WEA       = "Weather"}
@STRING{WW        = "Weatherwise"}
@STRING{WF        = "Wea.\ Forecasting"}
@STRING{WMOB      = "WMO Bull."}

@article{arakawa-konor1996,
	title={Vertical Differencing of the Primitive Equations Based on the {Charney-Phillips} Grid in Hybrid $\sigma$--$p$ Vertical Coordinates},
	author={Arakawa, Akio and Konor, Celal S},
	journal=MWR,
	volume={124},
	pages={511--528},
	year={1996},
	doi={https://doi.org/10.1175/1520-0493(1996)124\%3C0511:VDOTPE\%3E2.0.CO;2}
}

@article{boeing2017,
	title = {Comparison of the {Moist Parcel-In-Cell (MPIC)} method with a 
	large-eddy simulation of a cloud},
	author = { B\"oing, S.J. and Dritschel, D.G. and Parker, D.J. 
	and Blyth, A.M. },
	volume = {},
	pages = {},
	note = {in preparation},
	year = {2017},
	journal = QJRMS
}

@article{chen2017,
	title={Comparison of Dimensionally-Split and Multi-Dimensional Atmospheric Transport Schemes for Long Time-Steps},
	author={Yumeng Chen and Hilary Weller and Stephen Pring and James Shaw},
	year={2017},
	journal=QJRMS,
	volume={143},
	number={708},
	pages={2764--2779},
	doi={10.1002/qj.3125}
}

@article{devendran2017,
	title={A fourth-order {Cartesian} grid embedded boundary method for {Poisson's} equation},
	author={Devendran, Dharshi and Graves, Daniel and Johansen, Hans and Ligocki, Terry},
	journal=CAMCOS,
	volume={12},
	number={1},
	pages={51--79},
	year={2017},
	publisher={Mathematical Sciences Publishers},
	doi={10.2140/camcos.2017.12.51}
}

@book{durran2013,
	title={Numerical methods for wave equations in geophysical fluid dynamics},
	author={Durran, Dale R},
	volume={32},
	year={2013},
	publisher={Springer Science \& Business Media},
	doi={10.1007/978-1-4419-6412-0}
}

@article{jaehn2015,                                                                            
        AUTHOR = {J\"ahn, M. and Knoth, O. and K\"onig, M. and Vogelsberg, U.},
        TITLE = {{ASAM} v2.7: a compressible atmospheric model with a {Cartesian} cut cell approach},
        JOURNAL = GMD,
        VOLUME = {8},
        YEAR = {2015},
        NUMBER = {2},
        PAGES = {317--340},
        DOI = {10.5194/gmd-8-317-2015}
}

@article{klemp2011,
	title={A terrain-following coordinate with smoothed coordinate surfaces},
	author={Klemp, Joseph B},
	journal=MWR,
	volume={139},
	pages={2163--2169},
	year={2011},
	doi={10.1175/MWR-D-10-05046.1}
}

@article{mahrer1984,
	title={An Improved Numerical Approximation of the Horizontal Gradients in a Terrain-Following Coordinate System},
	author={Mahrer, Y},
	journal=MWR,
	volume={112},
	number={5},
	pages={918--922},
	year={1984},
	doi={10.1175/1520-0493(1984)112<0918:AINAOT>2.0.CO;2}
}

@article{schaer2002,
	title={A new terrain-following vertical coordinate formulation for atmospheric prediction models},
	author={Sch{\"a}r, Christoph and Leuenberger, Daniel and Fuhrer, Oliver and L{\"u}thi, Daniel and Girard, Claude},
	journal=MWR,
	volume={130},
	pages={2459--2480},
	year={2002},
	doi={10.1175/1520-0493(2002)130<2459:ANTFVC>2.0.CO;2}
}

@article{shaw2017,
	title={Multidimensional method-of-lines transport for atmospheric flows over steep terrain using arbitrary meshes},
	author={Shaw, James and Weller, Hilary and Methven, John and Davies, Terry},
	journal=JCP,
	volume={344},
	pages={86--107},
	year={2017},
	publisher={Elsevier},
	doi={10.1016/j.jcp.2017.04.061}
}

@article{staniforth-thuburn2012,
	title={Horizontal grids for global weather and climate prediction models: a review},
	author={Staniforth, Andrew and Thuburn, John},
	journal=QJRMS,
	volume={138},
	pages={1--26},
	year={2012},
	publisher={Wiley Online Library},
	doi={10.1002/qj.958}
}

@article{steppeler-klemp2017,
	title={Advection on Cut-Cell Grids for an Idealized Mountain of Constant Slope},
	author={Steppeler, J and Klemp, JB},
	journal=MWR,
	volume={145},
	number={5},
	pages={1765--1777},
	year={2017},
	doi={10.1175/MWR-D-16-0308.1}
}

@article{ullrich-jablonowski2012,
	title={{MCore}: A non-hydrostatic atmospheric dynamical core utilizing high-order finite-volume methods},
	author={Ullrich, Paul A and Jablonowski, Christiane},
	journal=JCP,
	volume={231},
	number={15},
	pages={5078--5108},
	year={2012},
	publisher={Elsevier},
	doi={10.1016/j.jcp.2012.04.024}
}

@article{untch-hortal2004,
	title={A finite-element scheme for the vertical discretization of the {semi-Lagrangian} version of the {ECMWF} forecast model},
	author={Untch, A and Hortal, Mariano},
	journal=QJRMS,
	volume={130},
	pages={1505--1530},
	year={2004},
	publisher={Wiley Online Library},
	doi={10.1256/qj.03.173}
}

@article{weller-shahrokhi2014,
	title={Curl free pressure gradients over orography in a solution of the fully compressible {Euler} equations with implicit treatment of acoustic and gravity waves},
	author={Hilary Weller and Ava Shahrokhi},
	journal=MWR,
	year={2014},
	volume={142},
	pages={4439--4457},
	doi={10.1175/MWR-D-14-00054.1}
}

@article{yamazaki2016,                                                                         
        title={Three-dimensional cut-cell modelling for high-resolution atmospheric simulations},
        author={Yamazaki, Hiroe and Satomura, Takehiko and Nikiforakis, Nikolaos},
        journal=QJRMS,
        year={2016},
        volume={142},
        pages={1335--1350},
        publisher={Wiley Online Library},
        doi={10.1002/qj.2736}
}

